
\bibliographystyle{./IEEEtran}
\bibliography{./IEEEabrv,./IEEEexample}


@electronic{b1,
  title         = " Bank Marketing Data Set ",
  url           = "https://archive.ics.uci.edu/ml/datasets/Bank+Marketing",
}


@electronic{b2,
  title         = {sklearn.metrics.f1\_score},
  url           = "https://scikit-learn.org/stable/modules/generated/sklearn.metrics.f1_score.html",
}

@eletronic{b3,

    title = "Categorical Naive Bayes Classifier implementation in Python",
    url = "https://www.inblog.in/Categorical-Naive-Bayes-Classifier-implementation-in-Python-dAVqLWkf7E",
    author = "Suman Kumar Reddy",
    day = 31,
    month = oct,
    year = 2020,
}

@eletronic{b4,

    title = "Understanding the Classification report through sklearn",
    url = "https://muthu.co/understanding-the-classification-report-in-sklearn/",
    author = "Muthu",
    day = 7,
    month = jul,
    year = 2018,
}

@eletronic{b5,

    title = "1.9. Naive Bayes",
    url = "https://scikit-learn.org/stable/modules/naive_bayes.html",
}
@eletronic{b6,

    title = {sklearn.metrics.recall\_score},
    url = "https://scikit-learn.org/stable/modules/generated/sklearn.metrics.recall_score.html",
}

@eletronic{b7,

    title = {sklearn.metrics.precision\_score},
    url = "https://scikit-learn.org/stable/modules/generated/sklearn.metrics.precision_score.html",
}

@eletronic{b8,
    author = "Andrew Long",
    title = "Understanding Data Science Classification Metrics in Scikit-Learn in Python",
    url = "https://towardsdatascience.com/understanding-data-science-classification-metrics-in-scikit-learn-in-python-3bc336865019",
    day = 5,
    month = aug,
    year = 2018,
}


@eletronic{b9,
  author = "Pedro César Tebaldi Gomes",
  title = "Classificação com Naive Bayes",
  url = "https://www.datageeks.com.br/naive-bayes/",
  day = 22,
  month = feb,
  year = 2019,

}

@IEEEtranBSTCTL{IEEEexample:BSTcontrol,
  CTLuse_article_number     = "yes",
  CTLuse_paper              = "yes",
  CTLuse_forced_etal        = "no",
  CTLmax_names_forced_etal  = "10",
  CTLnames_show_etal        = "1",
  CTLuse_alt_spacing        = "yes",
  CTLalt_stretch_factor     = "4",
  CTLdash_repeated_names    = "yes",
  CTLname_format_string     = "{f.~}{vv~}{ll}{, jj}",
  CTLname_latex_cmd         = "",
  CTLname_url_prefix        = "[Online]. Available:"
}


